%________________________________________________________________________
                           % LEIM | PROJETO
% 2022 / 2012 / 2013
% Modelo para relatorio | bibliografia
% PTS / MAR.2022 / MAI.2013

%________________________________________________________________________



% ------------------------------------------------------------------------
% ------------------------------------------------------------------------
% ------------------------------------------------------------------------
@MISC{Naruto,
	author =       {Masashi Kishimoto},
	title =        {Naruto},
	howpublished = {\url{https://www.tv-tokyo.co.jp/anime/naruto2002/}},
	year =         {2002},
	month =        {Outubro},
	note =         {},
	abstract =     {},
	keywords =     {},
	source =       {},
}
@MISC{NarutoArena,
	author =       {Wespro},
	title =        {Naruto-Arena},
	howpublished = {\url{http://naruto-arena.net/}},
	year =         {2019},
	month =        {},
	note =         {},
	abstract =     {},
	keywords =     {},
	source =       {},
}
